<?xml version="1.0" encoding="utf-8"?>
<record xmlns="http://www.loc.gov/MARC21/slim" xmlns:xsi="http://www.w3.org/2001/XMLSchema-instance" xsi:schemaLocation="http://www.loc.gov/MARC21/slim http://www.loc.gov/standards/marcxml/schema/MARC21slim.xsd">
	<leader>     nam a22        4500</leader>
	<controlfield tag="001">b12464119</controlfield>
	<controlfield tag="003">LeBAU</controlfield>
	<controlfield tag="006">m        d        </controlfield>
	<controlfield tag="007">cr cn |||m|||a</controlfield>
	<controlfield tag="008">170830m19041906ua      o     ||0 0 ara d</controlfield>
	<datafield ind1=" " ind2=" " tag="040">
		<subfield code="a">NNU</subfield>
		<subfield code="b">ara</subfield>
		<subfield code="e">rda</subfield>
		<subfield code="c">NNU</subfield>
	</datafield>
	<datafield ind1=" " ind2="4" tag="050">
		<subfield code="a">BP152</subfield>
		<subfield code="b">.K39 1904</subfield>
	</datafield>
	<datafield ind1="0" ind2="4" tag="082">
		<subfield code="a">349.297</subfield>
		<subfield code="2">20</subfield>
	</datafield>
	<datafield ind1="1" ind2=" " tag="100">
		<subfield code="6">880-01</subfield>
		<subfield code="a">Kawākibī, Muḥammad ibn Ḥasan,</subfield>
		<subfield code="d">1609-1685,</subfield>
		<subfield code="e">author.</subfield>
	</datafield>
	<datafield ind1="1" ind2="3" tag="245">
		<subfield code="6">880-02</subfield>
		<subfield code="a">al-Fawāʼid al-samīyah fī sharḥ al-nuẓum :</subfield>
		<subfield code="b">al-musammá bi-al-Farāʼid al-sanīyah fī furūʻ al-fiqh ʻalá madhhab al-Imām Abī Ḥanīfah al-Nuʻmān /</subfield>
		<subfield code="c">li-Muḥammad ibn Ḥasan ibn Aḥmad al-Kawākibī. Wa-yalīhi Sharḥ manẓumat al-Farāʼid al-musammāh bi-al-Lawāmiʻ al-ḍiyāʼīyah bi-Nuẓum al-Sirājīyah / lil-Shaykh ʻAbd Allāh ibn ʻAbd al-Raḥmān al-Ḥanbalī. Wa-bi-hāmishihi Irshād al-Ṭālib ilá manẓumat al-Kawākib fī ʻilm al-uṣūl / lil-Kawākibi al-madhkūr.</subfield>
	</datafield>
	<datafield ind1="3" ind2="0" tag="246">
		<subfield code="6">880-03</subfield>
		<subfield code="a">Farāʼid al-sanīyah fī furūʻ al-fiqh</subfield>
	</datafield>
	<datafield ind1=" " ind2=" " tag="250">
		<subfield code="6">880-04</subfield>
		<subfield code="a">al-Ṭab‘ah al-ūlá.</subfield>
	</datafield>
	<datafield ind1=" " ind2="1" tag="264">
		<subfield code="6">880-05</subfield>
		<subfield code="a">Miṣr :</subfield>
		<subfield code="b">al-Maṭba‘ah al-Kubrá al-Amīrīyah,</subfield>
		<subfield code="c">1322-1324 H. [1904-1906? M.]</subfield>
	</datafield>
	<datafield ind1=" " ind2=" " tag="300">
		<subfield code="6">880-06</subfield>
		<subfield code="a">online resource (2 volumes)</subfield>
	</datafield>
	<datafield ind1=" " ind2=" " tag="336">
		<subfield code="a">text</subfield>
		<subfield code="2">rdacontent</subfield>
	</datafield>
	<datafield ind1=" " ind2=" " tag="337">
		<subfield code="a">computer</subfield>
		<subfield code="2">rdamedia</subfield>
	</datafield>
	<datafield ind1=" " ind2=" " tag="338">
		<subfield code="a">online resource</subfield>
		<subfield code="2">rdacarrier</subfield>
	</datafield>
	<datafield ind1=" " ind2=" " tag="500">
		<subfield code="a">Part of the Arabic Collections Online (ACO) project, contributed by American University of Beirut's Jafet Memorial Library.</subfield>
	</datafield>
	<datafield ind1=" " ind2=" " tag="533">
		<subfield code="a">Electronic reproduction.</subfield>
		<subfield code="b">New York, N.Y. :</subfield>
		<subfield code="c">New York University,</subfield>
		<subfield code="d">2017.</subfield>
		<subfield code="5">NNU</subfield>
	</datafield>
	<datafield ind1=" " ind2="0" tag="650">
		<subfield code="6">880-07</subfield>
		<subfield code="a">Islamic law</subfield>
		<subfield code="x">Interpretation and construction</subfield>
		<subfield code="v">Early works to 1800.</subfield>
	</datafield>
	<datafield ind1=" " ind2="0" tag="650">
		<subfield code="6">880-08</subfield>
		<subfield code="a">Islamic law</subfield>
		<subfield code="v">Poetry</subfield>
		<subfield code="v">Early works to 1800.</subfield>
	</datafield>
	<datafield ind1=" " ind2="0" tag="650">
		<subfield code="6">880-09</subfield>
		<subfield code="a">Hanafites</subfield>
		<subfield code="v">Early works to 1800.</subfield>
	</datafield>
	<datafield ind1="1" ind2="2" tag="700">
		<subfield code="6">880-10</subfield>
		<subfield code="a">Ḥanbalī ‘Abd Allāh.</subfield>
		<subfield code="t">al-Lawāmiʻ al-ḍiyāʼīyah bi-Nuẓum al-Sirājīyah.</subfield>
	</datafield>
	<datafield ind1="1" ind2="2" tag="700">
		<subfield code="6">880-11</subfield>
		<subfield code="a">Kawākibī, Muḥammad ibn Ḥasan,</subfield>
		<subfield code="d">1609-1685.</subfield>
		<subfield code="t">Irshād al-Ṭālib ilá manẓumat al-Kawākib fī ʻilm al-uṣūl.</subfield>
	</datafield>
	<datafield ind1="2" ind2=" " tag="710">
		<subfield code="a">Jafet Memorial Library.</subfield>
	</datafield>
	<datafield ind1="0" ind2=" " tag="730">
		<subfield code="a">Arabic Collections Online.</subfield>
	</datafield>
	<datafield ind1="0" ind2="8" tag="776">
		<subfield code="i">Print version:</subfield>
		<subfield code="a">Kawākibī, Muḥammad ibn Ḥasan, 1609-1685, author.</subfield>
		<subfield code="t">al-Fawāʼid al-samīyah fī sharḥ al-nuẓum</subfield>
		<subfield code="w">(LeBAU)b12464119</subfield>
	</datafield>
	<datafield ind1="4" ind2="0" tag="856">
		<subfield code="u">http://hdl.handle.net/2333.1/1c5b01vx</subfield>
	</datafield>
	<datafield ind1="1" ind2=" " tag="880">
		<subfield code="6">100-01</subfield>
		<subfield code="a">الكواكبي، محمد بن حسن،‪‪‪‪‪‪‪</subfield>
		<subfield code="d">1609-1685،</subfield>
		<subfield code="e">مؤلف.‪‪‪‪‪‪‪</subfield>
		<subfield code="4">aut.</subfield>
	</datafield>
	<datafield ind1="1" ind2="2" tag="880">
		<subfield code="6">245-02</subfield>
		<subfield code="a">الفوائد السمية في شرح النظم :‪‪‪‪‪‪‪</subfield>
		<subfield code="b">المسمى بالفرائد السنية في فروع الفقه على مذهب الإمام أبي حنيفة النعمان /‪‪‪‪‪‪‪</subfield>
		<subfield code="c">كلاهما للإمام العلامة الشيخ محمد إبن حسين إبن أحمد الكواكبي مفتي حلب الشهباء المتوفى سنة 1096. ويليه شرح منظومة الفرائض المسماة باللوامع الضيائية بنظم السراجية / للشيخ عبد الله بن عبد الرحمن الحنبلي. وبهامشه إرشاد الطالب إلى منظومة الكواكب في علم الأصول / للكواكبي المذكور.‪‪‪‪‪‪‪</subfield>
	</datafield>
	<datafield ind1="3" ind2="0" tag="880">
		<subfield code="6">246-03</subfield>
		<subfield code="a">فرائد السنية في فروع الفقه‪‪‪‪‪‪‪</subfield>
	</datafield>
	<datafield ind1=" " ind2=" " tag="880">
		<subfield code="6">250-04</subfield>
		<subfield code="a">الطبعة الأولى.‪‪‪‪‪‪‪</subfield>
	</datafield>
	<datafield ind1=" " ind2="1" tag="880">
		<subfield code="6">264-05</subfield>
		<subfield code="a">مصر :‪‪‪‪‪‪‪</subfield>
		<subfield code="b">المطبعة الكبرى الأميرية،‪‪‪‪‪‪‪</subfield>
		<subfield code="c">1322-1324 هـ. [1904-1906؟ م.]‪‪‪‪‪‪‪</subfield>
	</datafield>
	<datafield ind1=" " ind2=" " tag="880">
		<subfield code="6">300-06</subfield>
		<subfield code="a">2 جزء ؛‪‪‪‪‪‪‪</subfield>
		<subfield code="c">28 سم‪‪‪‪‪‪‪</subfield>
	</datafield>
	<datafield ind1=" " ind2=" " tag="880">
		<subfield code="6">500-00</subfield>
		<subfield code="a">&quot;شرح منظومة الفرائض المسماة باللوامع الضيائية بنظم السراجية&quot; موجودة في الجزء الأول.‪‪‪‪‪‪‪</subfield>
	</datafield>
	<datafield ind1=" " ind2="4" tag="880">
		<subfield code="6">650-07</subfield>
		<subfield code="a">الفقه الاسلامي‪‪‪‪‪‪‪</subfield>
		<subfield code="x">تفسير وبنية‪‪‪‪‪‪‪</subfield>
		<subfield code="v">اعمال قديمة حتى 1800.‪‪‪‪‪‪‪</subfield>
	</datafield>
	<datafield ind1=" " ind2="4" tag="880">
		<subfield code="6">650-08</subfield>
		<subfield code="a">الفقه الاسلامي‪‪‪‪‪‪‪</subfield>
		<subfield code="v">شعر‪‪‪‪‪‪‪</subfield>
		<subfield code="v">اعمال قديمة حتى 1800.‪‪‪‪‪‪‪</subfield>
	</datafield>
	<datafield ind1=" " ind2="4" tag="880">
		<subfield code="6">650-09</subfield>
		<subfield code="a">المذهب الحنفي‪‪‪‪‪‪‪</subfield>
		<subfield code="v">اعمال قديمة حتى 1800.‪‪‪‪‪‪‪</subfield>
	</datafield>
	<datafield ind1="1" ind2="2" tag="880">
		<subfield code="6">700-10</subfield>
		<subfield code="a">الحنبلي، عبد الله.‪‪‪‪‪‪‪</subfield>
		<subfield code="t">اللوامع الضيائية بنظم السراجية.‪‪‪‪‪‪‪</subfield>
	</datafield>
	<datafield ind1="1" ind2="2" tag="880">
		<subfield code="6">700-11</subfield>
		<subfield code="a">الكواكبي، محمد بن حسن،‪‪‪‪‪‪‪</subfield>
		<subfield code="d">1609-1685.</subfield>
		<subfield code="t">إرشاد الطالب إلى منظومة الكواكب في علم الأصول.‪‪‪‪‪‪‪</subfield>
	</datafield>
	<datafield ind1=" " ind2=" " tag="959">
		<subfield code="a">NNU</subfield>
		<subfield code="b">WEB</subfield>
		<subfield code="c">GENI</subfield>
		<subfield code="t">0</subfield>
		<subfield code="m">Electronic access</subfield>
		<subfield code="s">01</subfield>
	</datafield>
	<datafield ind1=" " ind2=" " tag="999">
		<subfield code="i">LeBAU_b12464119</subfield>
		<subfield code="s">aub_aco001019:v.1</subfield>
		<subfield code="s">aub_aco001020:v.2</subfield>
		<subfield code="e">(ERROR-MISC)</subfield>
		<subfield code="s">aub_aco001019:v.1</subfield>
		<subfield code="s">aub_aco001020:v.2</subfield>
	</datafield>
</record>
